<ENVELOPE>
	<HEADER>
		<TALLYREQUEST>Import Data</TALLYREQUEST>
	</HEADER>
	<BODY>
		<IMPORTDATA>
			<REQUESTDESC>
				<REPORTNAME>Vouchers</REPORTNAME>
				<STATICVARIABLES>
					<SVCURRENTCOMPANY>Delhi Gujrat Fleet Career Pvt. Ltd.</SVCURRENTCOMPANY>
				</STATICVARIABLES>
			</REQUESTDESC>
			<REQUESTDATA>
				<TALLYMESSAGE xmlns:UDF="TallyUDF">
					<VOUCHER REMOTEID="5d36f26d8b235c4f2af03226" VCHTYPE="Payment" ACTION="Create">
						<ISOPTIONAL>No</ISOPTIONAL>
						<USEFORGAINLOSS>No</USEFORGAINLOSS>
						<USEFORCOMPOUND>No</USEFORCOMPOUND>
						<VOUCHERTYPENAME>Payment</VOUCHERTYPENAME>
						<DATE>20190715</DATE>
						<EFFECTIVEDATE>20190715</EFFECTIVEDATE>
						<ISCANCELLED>No</ISCANCELLED>
						<USETRACKINGNUMBER>No</USETRACKINGNUMBER>
						<ISPOSTDATED>No</ISPOSTDATED>
						<ISINVOICE>No</ISINVOICE>
						<DIFFACTUALQTY>No</DIFFACTUALQTY>
						<VOUCHERNUMBER>88-28159</VOUCHERNUMBER>
						<REFERENCE>88-28159</REFERENCE>
						<NARRATION>4531ab HYD TO BBY+ajy wtsp9991005628</NARRATION>
						<GUID>5d36f26d8b235c4f2af03226</GUID>
						<ALTERID>88-28159</ALTERID>
						<ALLLEDGERENTRIES.LIST>
							<REMOVEZEROENTRIES>No</REMOVEZEROENTRIES>
							<ISDEEMEDPOSITIVE>Yes</ISDEEMEDPOSITIVE>
							<LEDGERFROMITEM>No</LEDGERFROMITEM>
							<LEDGERNAME>4531NL01AB</LEDGERNAME>
							<AMOUNT>-2000</AMOUNT>
							<BILLALLOCATIONS.LIST>
								<NAME>88-28159</NAME>
								<BILLTYPE>New Ref</BILLTYPE>
								<BILLCREDITPERIOD/>
								<AMOUNT>-2000</AMOUNT>
							</BILLALLOCATIONS.LIST>
						</ALLLEDGERENTRIES.LIST>
						<ALLLEDGERENTRIES.LIST>
							<REMOVEZEROENTRIES>No</REMOVEZEROENTRIES>
							<ISDEEMEDPOSITIVE>No</ISDEEMEDPOSITIVE>
							<LEDGERFROMITEM>No</LEDGERFROMITEM>
							<LEDGERNAME>HDFC CARD V2</LEDGERNAME>
							<AMOUNT>2000.00</AMOUNT>
							<BILLALLOCATIONS.LIST/>
						</ALLLEDGERENTRIES.LIST>
					</VOUCHER>
					<VOUCHER REMOTEID="5d36f3a08b235c4f2af036e3" VCHTYPE="Payment" ACTION="Create">
						<ISOPTIONAL>No</ISOPTIONAL>
						<USEFORGAINLOSS>No</USEFORGAINLOSS>
						<USEFORCOMPOUND>No</USEFORCOMPOUND>
						<VOUCHERTYPENAME>Payment</VOUCHERTYPENAME>
						<DATE>20190715</DATE>
						<EFFECTIVEDATE>20190715</EFFECTIVEDATE>
						<ISCANCELLED>No</ISCANCELLED>
						<USETRACKINGNUMBER>No</USETRACKINGNUMBER>
						<ISPOSTDATED>No</ISPOSTDATED>
						<ISINVOICE>No</ISINVOICE>
						<DIFFACTUALQTY>No</DIFFACTUALQTY>
						<VOUCHERNUMBER>88-28160</VOUCHERNUMBER>
						<REFERENCE>88-28160</REFERENCE>
						<NARRATION>7971aa HYD TO BBY+ajy wtsp7427084023</NARRATION>
						<GUID>5d36f3a08b235c4f2af036e3</GUID>
						<ALTERID>88-28160</ALTERID>
						<ALLLEDGERENTRIES.LIST>
							<REMOVEZEROENTRIES>No</REMOVEZEROENTRIES>
							<ISDEEMEDPOSITIVE>Yes</ISDEEMEDPOSITIVE>
							<LEDGERFROMITEM>No</LEDGERFROMITEM>
							<LEDGERNAME>7971NL01AA</LEDGERNAME>
							<AMOUNT>-2000</AMOUNT>
							<BILLALLOCATIONS.LIST>
								<NAME>88-28160</NAME>
								<BILLTYPE>New Ref</BILLTYPE>
								<BILLCREDITPERIOD/>
								<AMOUNT>-2000</AMOUNT>
							</BILLALLOCATIONS.LIST>
						</ALLLEDGERENTRIES.LIST>
						<ALLLEDGERENTRIES.LIST>
							<REMOVEZEROENTRIES>No</REMOVEZEROENTRIES>
							<ISDEEMEDPOSITIVE>No</ISDEEMEDPOSITIVE>
							<LEDGERFROMITEM>No</LEDGERFROMITEM>
							<LEDGERNAME>HDFC CARD V2</LEDGERNAME>
							<AMOUNT>2000.00</AMOUNT>
							<BILLALLOCATIONS.LIST/>
						</ALLLEDGERENTRIES.LIST>
					</VOUCHER>
					<VOUCHER REMOTEID="5d36f39f8b235c4f2af036d8" VCHTYPE="Payment" ACTION="Create">
						<ISOPTIONAL>No</ISOPTIONAL>
						<USEFORGAINLOSS>No</USEFORGAINLOSS>
						<USEFORCOMPOUND>No</USEFORCOMPOUND>
						<VOUCHERTYPENAME>Payment</VOUCHERTYPENAME>
						<DATE>20190715</DATE>
						<EFFECTIVEDATE>20190715</EFFECTIVEDATE>
						<ISCANCELLED>No</ISCANCELLED>
						<USETRACKINGNUMBER>No</USETRACKINGNUMBER>
						<ISPOSTDATED>No</ISPOSTDATED>
						<ISINVOICE>No</ISINVOICE>
						<DIFFACTUALQTY>No</DIFFACTUALQTY>
						<VOUCHERNUMBER>88-28161</VOUCHERNUMBER>
						<REFERENCE>88-28161</REFERENCE>
						<NARRATION>5696HR NDR 1005-42882 CODE-140219461509532</NARRATION>
						<GUID>5d36f39f8b235c4f2af036d8</GUID>
						<ALTERID>88-28161</ALTERID>
						<ALLLEDGERENTRIES.LIST>
							<REMOVEZEROENTRIES>No</REMOVEZEROENTRIES>
							<ISDEEMEDPOSITIVE>Yes</ISDEEMEDPOSITIVE>
							<LEDGERFROMITEM>No</LEDGERFROMITEM>
							<LEDGERNAME>5696HR55V</LEDGERNAME>
							<AMOUNT>-2000</AMOUNT>
							<BILLALLOCATIONS.LIST>
								<NAME>88-28161</NAME>
								<BILLTYPE>New Ref</BILLTYPE>
								<BILLCREDITPERIOD/>
								<AMOUNT>-2000</AMOUNT>
							</BILLALLOCATIONS.LIST>
						</ALLLEDGERENTRIES.LIST>
						<ALLLEDGERENTRIES.LIST>
							<REMOVEZEROENTRIES>No</REMOVEZEROENTRIES>
							<ISDEEMEDPOSITIVE>No</ISDEEMEDPOSITIVE>
							<LEDGERFROMITEM>No</LEDGERFROMITEM>
							<LEDGERNAME>HDFC CARD V2</LEDGERNAME>
							<AMOUNT>2000.00</AMOUNT>
							<BILLALLOCATIONS.LIST/>
						</ALLLEDGERENTRIES.LIST>
					</VOUCHER>
					<VOUCHER REMOTEID="5d36f2698b235c4f2af0317e" VCHTYPE="Payment" ACTION="Create">
						<ISOPTIONAL>No</ISOPTIONAL>
						<USEFORGAINLOSS>No</USEFORGAINLOSS>
						<USEFORCOMPOUND>No</USEFORCOMPOUND>
						<VOUCHERTYPENAME>Payment</VOUCHERTYPENAME>
						<DATE>20190715</DATE>
						<EFFECTIVEDATE>20190715</EFFECTIVEDATE>
						<ISCANCELLED>No</ISCANCELLED>
						<USETRACKINGNUMBER>No</USETRACKINGNUMBER>
						<ISPOSTDATED>No</ISPOSTDATED>
						<ISINVOICE>No</ISINVOICE>
						<DIFFACTUALQTY>No</DIFFACTUALQTY>
						<VOUCHERNUMBER>88-28162</VOUCHERNUMBER>
						<REFERENCE>88-28162</REFERENCE>
						<NARRATION>9758ac HYD LOADING+LABER+ajy wtsp8059445478</NARRATION>
						<GUID>5d36f2698b235c4f2af0317e</GUID>
						<ALTERID>88-28162</ALTERID>
						<ALLLEDGERENTRIES.LIST>
							<REMOVEZEROENTRIES>No</REMOVEZEROENTRIES>
							<ISDEEMEDPOSITIVE>Yes</ISDEEMEDPOSITIVE>
							<LEDGERFROMITEM>No</LEDGERFROMITEM>
							<LEDGERNAME>9758NL01AC</LEDGERNAME>
							<AMOUNT>-2000</AMOUNT>
							<BILLALLOCATIONS.LIST>
								<NAME>88-28162</NAME>
								<BILLTYPE>New Ref</BILLTYPE>
								<BILLCREDITPERIOD/>
								<AMOUNT>-2000</AMOUNT>
							</BILLALLOCATIONS.LIST>
						</ALLLEDGERENTRIES.LIST>
						<ALLLEDGERENTRIES.LIST>
							<REMOVEZEROENTRIES>No</REMOVEZEROENTRIES>
							<ISDEEMEDPOSITIVE>No</ISDEEMEDPOSITIVE>
							<LEDGERFROMITEM>No</LEDGERFROMITEM>
							<LEDGERNAME>HDFC CARD V2</LEDGERNAME>
							<AMOUNT>2000.00</AMOUNT>
							<BILLALLOCATIONS.LIST/>
						</ALLLEDGERENTRIES.LIST>
					</VOUCHER>
					<VOUCHER REMOTEID="5d36f26c8b235c4f2af03209" VCHTYPE="Payment" ACTION="Create">
						<ISOPTIONAL>No</ISOPTIONAL>
						<USEFORGAINLOSS>No</USEFORGAINLOSS>
						<USEFORCOMPOUND>No</USEFORCOMPOUND>
						<VOUCHERTYPENAME>Payment</VOUCHERTYPENAME>
						<DATE>20190715</DATE>
						<EFFECTIVEDATE>20190715</EFFECTIVEDATE>
						<ISCANCELLED>No</ISCANCELLED>
						<USETRACKINGNUMBER>No</USETRACKINGNUMBER>
						<ISPOSTDATED>No</ISPOSTDATED>
						<ISINVOICE>No</ISINVOICE>
						<DIFFACTUALQTY>No</DIFFACTUALQTY>
						<VOUCHERNUMBER>88-28163</VOUCHERNUMBER>
						<REFERENCE>88-28163</REFERENCE>
						<NARRATION>4590hr J.NAGAR TO INDORE+ajy wtsp8370056847</NARRATION>
						<GUID>5d36f26c8b235c4f2af03209</GUID>
						<ALTERID>88-28163</ALTERID>
						<ALLLEDGERENTRIES.LIST>
							<REMOVEZEROENTRIES>No</REMOVEZEROENTRIES>
							<ISDEEMEDPOSITIVE>Yes</ISDEEMEDPOSITIVE>
							<LEDGERFROMITEM>No</LEDGERFROMITEM>
							<LEDGERNAME>4590HR55S</LEDGERNAME>
							<AMOUNT>-2000</AMOUNT>
							<BILLALLOCATIONS.LIST>
								<NAME>88-28163</NAME>
								<BILLTYPE>New Ref</BILLTYPE>
								<BILLCREDITPERIOD/>
								<AMOUNT>-2000</AMOUNT>
							</BILLALLOCATIONS.LIST>
						</ALLLEDGERENTRIES.LIST>
						<ALLLEDGERENTRIES.LIST>
							<REMOVEZEROENTRIES>No</REMOVEZEROENTRIES>
							<ISDEEMEDPOSITIVE>No</ISDEEMEDPOSITIVE>
							<LEDGERFROMITEM>No</LEDGERFROMITEM>
							<LEDGERNAME>HDFC CARD V2</LEDGERNAME>
							<AMOUNT>2000.00</AMOUNT>
							<BILLALLOCATIONS.LIST/>
						</ALLLEDGERENTRIES.LIST>
					</VOUCHER>
					<VOUCHER REMOTEID="5d36f2698b235c4f2af0317f" VCHTYPE="Payment" ACTION="Create">
						<ISOPTIONAL>No</ISOPTIONAL>
						<USEFORGAINLOSS>No</USEFORGAINLOSS>
						<USEFORCOMPOUND>No</USEFORCOMPOUND>
						<VOUCHERTYPENAME>Payment</VOUCHERTYPENAME>
						<DATE>20190715</DATE>
						<EFFECTIVEDATE>20190715</EFFECTIVEDATE>
						<ISCANCELLED>No</ISCANCELLED>
						<USETRACKINGNUMBER>No</USETRACKINGNUMBER>
						<ISPOSTDATED>No</ISPOSTDATED>
						<ISINVOICE>No</ISINVOICE>
						<DIFFACTUALQTY>No</DIFFACTUALQTY>
						<VOUCHERNUMBER>88-28164</VOUCHERNUMBER>
						<REFERENCE>88-28164</REFERENCE>
						<NARRATION>6714nl Mumbai to pune+chhaju wtsp9813802658</NARRATION>
						<GUID>5d36f2698b235c4f2af0317f</GUID>
						<ALTERID>88-28164</ALTERID>
						<ALLLEDGERENTRIES.LIST>
							<REMOVEZEROENTRIES>No</REMOVEZEROENTRIES>
							<ISDEEMEDPOSITIVE>Yes</ISDEEMEDPOSITIVE>
							<LEDGERFROMITEM>No</LEDGERFROMITEM>
							<LEDGERNAME>6714NL01N</LEDGERNAME>
							<AMOUNT>-2000</AMOUNT>
							<BILLALLOCATIONS.LIST>
								<NAME>88-28164</NAME>
								<BILLTYPE>New Ref</BILLTYPE>
								<BILLCREDITPERIOD/>
								<AMOUNT>-2000</AMOUNT>
							</BILLALLOCATIONS.LIST>
						</ALLLEDGERENTRIES.LIST>
						<ALLLEDGERENTRIES.LIST>
							<REMOVEZEROENTRIES>No</REMOVEZEROENTRIES>
							<ISDEEMEDPOSITIVE>No</ISDEEMEDPOSITIVE>
							<LEDGERFROMITEM>No</LEDGERFROMITEM>
							<LEDGERNAME>HDFC CARD V2</LEDGERNAME>
							<AMOUNT>2000.00</AMOUNT>
							<BILLALLOCATIONS.LIST/>
						</ALLLEDGERENTRIES.LIST>
					</VOUCHER>
					<VOUCHER REMOTEID="5d36f2788b235c4f2af03308" VCHTYPE="Payment" ACTION="Create">
						<ISOPTIONAL>No</ISOPTIONAL>
						<USEFORGAINLOSS>No</USEFORGAINLOSS>
						<USEFORCOMPOUND>No</USEFORCOMPOUND>
						<VOUCHERTYPENAME>Payment</VOUCHERTYPENAME>
						<DATE>20190715</DATE>
						<EFFECTIVEDATE>20190715</EFFECTIVEDATE>
						<ISCANCELLED>No</ISCANCELLED>
						<USETRACKINGNUMBER>No</USETRACKINGNUMBER>
						<ISPOSTDATED>No</ISPOSTDATED>
						<ISINVOICE>No</ISINVOICE>
						<DIFFACTUALQTY>No</DIFFACTUALQTY>
						<VOUCHERNUMBER>88-28165</VOUCHERNUMBER>
						<REFERENCE>88-28165</REFERENCE>
						<NARRATION>9760ac HYD TO BBY+ajy wtsp9664023714</NARRATION>
						<GUID>5d36f2788b235c4f2af03308</GUID>
						<ALTERID>88-28165</ALTERID>
						<ALLLEDGERENTRIES.LIST>
							<REMOVEZEROENTRIES>No</REMOVEZEROENTRIES>
							<ISDEEMEDPOSITIVE>Yes</ISDEEMEDPOSITIVE>
							<LEDGERFROMITEM>No</LEDGERFROMITEM>
							<LEDGERNAME>9760NL01AC</LEDGERNAME>
							<AMOUNT>-2000</AMOUNT>
							<BILLALLOCATIONS.LIST>
								<NAME>88-28165</NAME>
								<BILLTYPE>New Ref</BILLTYPE>
								<BILLCREDITPERIOD/>
								<AMOUNT>-2000</AMOUNT>
							</BILLALLOCATIONS.LIST>
						</ALLLEDGERENTRIES.LIST>
						<ALLLEDGERENTRIES.LIST>
							<REMOVEZEROENTRIES>No</REMOVEZEROENTRIES>
							<ISDEEMEDPOSITIVE>No</ISDEEMEDPOSITIVE>
							<LEDGERFROMITEM>No</LEDGERFROMITEM>
							<LEDGERNAME>HDFC CARD V2</LEDGERNAME>
							<AMOUNT>2000.00</AMOUNT>
							<BILLALLOCATIONS.LIST/>
						</ALLLEDGERENTRIES.LIST>
					</VOUCHER>
					<VOUCHER REMOTEID="5d36f26c8b235c4f2af03210" VCHTYPE="Payment" ACTION="Create">
						<ISOPTIONAL>No</ISOPTIONAL>
						<USEFORGAINLOSS>No</USEFORGAINLOSS>
						<USEFORCOMPOUND>No</USEFORCOMPOUND>
						<VOUCHERTYPENAME>Payment</VOUCHERTYPENAME>
						<DATE>20190715</DATE>
						<EFFECTIVEDATE>20190715</EFFECTIVEDATE>
						<ISCANCELLED>No</ISCANCELLED>
						<USETRACKINGNUMBER>No</USETRACKINGNUMBER>
						<ISPOSTDATED>No</ISPOSTDATED>
						<ISINVOICE>No</ISINVOICE>
						<DIFFACTUALQTY>No</DIFFACTUALQTY>
						<VOUCHERNUMBER>88-28166</VOUCHERNUMBER>
						<REFERENCE>88-28166</REFERENCE>
						<NARRATION>
							1069aa Mysore to Hyderabad + tirpal +welding+chn wtsp9671206241
						</NARRATION>
						<GUID>5d36f26c8b235c4f2af03210</GUID>
						<ALTERID>88-28166</ALTERID>
						<ALLLEDGERENTRIES.LIST>
							<REMOVEZEROENTRIES>No</REMOVEZEROENTRIES>
							<ISDEEMEDPOSITIVE>Yes</ISDEEMEDPOSITIVE>
							<LEDGERFROMITEM>No</LEDGERFROMITEM>
							<LEDGERNAME>1069NL01AA</LEDGERNAME>
							<AMOUNT>-2000</AMOUNT>
							<BILLALLOCATIONS.LIST>
								<NAME>88-28166</NAME>
								<BILLTYPE>New Ref</BILLTYPE>
								<BILLCREDITPERIOD/>
								<AMOUNT>-2000</AMOUNT>
							</BILLALLOCATIONS.LIST>
						</ALLLEDGERENTRIES.LIST>
						<ALLLEDGERENTRIES.LIST>
							<REMOVEZEROENTRIES>No</REMOVEZEROENTRIES>
							<ISDEEMEDPOSITIVE>No</ISDEEMEDPOSITIVE>
							<LEDGERFROMITEM>No</LEDGERFROMITEM>
							<LEDGERNAME>HDFC CARD V2</LEDGERNAME>
							<AMOUNT>2000.00</AMOUNT>
							<BILLALLOCATIONS.LIST/>
						</ALLLEDGERENTRIES.LIST>
					</VOUCHER>
					<VOUCHER REMOTEID="5d36f2758b235c4f2af032de" VCHTYPE="Payment" ACTION="Create">
						<ISOPTIONAL>No</ISOPTIONAL>
						<USEFORGAINLOSS>No</USEFORGAINLOSS>
						<USEFORCOMPOUND>No</USEFORCOMPOUND>
						<VOUCHERTYPENAME>Payment</VOUCHERTYPENAME>
						<DATE>20190715</DATE>
						<EFFECTIVEDATE>20190715</EFFECTIVEDATE>
						<ISCANCELLED>No</ISCANCELLED>
						<USETRACKINGNUMBER>No</USETRACKINGNUMBER>
						<ISPOSTDATED>No</ISPOSTDATED>
						<ISINVOICE>No</ISINVOICE>
						<DIFFACTUALQTY>No</DIFFACTUALQTY>
						<VOUCHERNUMBER>88-28167</VOUCHERNUMBER>
						<REFERENCE>88-28167</REFERENCE>
						<NARRATION>6013nl hyd 1005-42995 code-9142579050997574</NARRATION>
						<GUID>5d36f2758b235c4f2af032de</GUID>
						<ALTERID>88-28167</ALTERID>
						<ALLLEDGERENTRIES.LIST>
							<REMOVEZEROENTRIES>No</REMOVEZEROENTRIES>
							<ISDEEMEDPOSITIVE>Yes</ISDEEMEDPOSITIVE>
							<LEDGERFROMITEM>No</LEDGERFROMITEM>
							<LEDGERNAME>6013NL01Q</LEDGERNAME>
							<AMOUNT>-2000</AMOUNT>
							<BILLALLOCATIONS.LIST>
								<NAME>88-28167</NAME>
								<BILLTYPE>New Ref</BILLTYPE>
								<BILLCREDITPERIOD/>
								<AMOUNT>-2000</AMOUNT>
							</BILLALLOCATIONS.LIST>
						</ALLLEDGERENTRIES.LIST>
						<ALLLEDGERENTRIES.LIST>
							<REMOVEZEROENTRIES>No</REMOVEZEROENTRIES>
							<ISDEEMEDPOSITIVE>No</ISDEEMEDPOSITIVE>
							<LEDGERFROMITEM>No</LEDGERFROMITEM>
							<LEDGERNAME>HDFC CARD V2</LEDGERNAME>
							<AMOUNT>2000.00</AMOUNT>
							<BILLALLOCATIONS.LIST/>
						</ALLLEDGERENTRIES.LIST>
					</VOUCHER>
					<VOUCHER REMOTEID="5d36f2698b235c4f2af031e5" VCHTYPE="Payment" ACTION="Create">
						<ISOPTIONAL>No</ISOPTIONAL>
						<USEFORGAINLOSS>No</USEFORGAINLOSS>
						<USEFORCOMPOUND>No</USEFORCOMPOUND>
						<VOUCHERTYPENAME>Payment</VOUCHERTYPENAME>
						<DATE>20190715</DATE>
						<EFFECTIVEDATE>20190715</EFFECTIVEDATE>
						<ISCANCELLED>No</ISCANCELLED>
						<USETRACKINGNUMBER>No</USETRACKINGNUMBER>
						<ISPOSTDATED>No</ISPOSTDATED>
						<ISINVOICE>No</ISINVOICE>
						<DIFFACTUALQTY>No</DIFFACTUALQTY>
						<VOUCHERNUMBER>88-28168</VOUCHERNUMBER>
						<REFERENCE>88-28168</REFERENCE>
						<NARRATION>2533aa kkt 1005-42988 code-7103139992711084</NARRATION>
						<GUID>5d36f2698b235c4f2af031e5</GUID>
						<ALTERID>88-28168</ALTERID>
						<ALLLEDGERENTRIES.LIST>
							<REMOVEZEROENTRIES>No</REMOVEZEROENTRIES>
							<ISDEEMEDPOSITIVE>Yes</ISDEEMEDPOSITIVE>
							<LEDGERFROMITEM>No</LEDGERFROMITEM>
							<LEDGERNAME>2533NL01AA</LEDGERNAME>
							<AMOUNT>-2000</AMOUNT>
							<BILLALLOCATIONS.LIST>
								<NAME>88-28168</NAME>
								<BILLTYPE>New Ref</BILLTYPE>
								<BILLCREDITPERIOD/>
								<AMOUNT>-2000</AMOUNT>
							</BILLALLOCATIONS.LIST>
						</ALLLEDGERENTRIES.LIST>
						<ALLLEDGERENTRIES.LIST>
							<REMOVEZEROENTRIES>No</REMOVEZEROENTRIES>
							<ISDEEMEDPOSITIVE>No</ISDEEMEDPOSITIVE>
							<LEDGERFROMITEM>No</LEDGERFROMITEM>
							<LEDGERNAME>HDFC CARD V2</LEDGERNAME>
							<AMOUNT>2000.00</AMOUNT>
							<BILLALLOCATIONS.LIST/>
						</ALLLEDGERENTRIES.LIST>
					</VOUCHER>
					<VOUCHER REMOTEID="5d36f2748b235c4f2af032cd" VCHTYPE="Payment" ACTION="Create">
						<ISOPTIONAL>No</ISOPTIONAL>
						<USEFORGAINLOSS>No</USEFORGAINLOSS>
						<USEFORCOMPOUND>No</USEFORCOMPOUND>
						<VOUCHERTYPENAME>Payment</VOUCHERTYPENAME>
						<DATE>20190715</DATE>
						<EFFECTIVEDATE>20190715</EFFECTIVEDATE>
						<ISCANCELLED>No</ISCANCELLED>
						<USETRACKINGNUMBER>No</USETRACKINGNUMBER>
						<ISPOSTDATED>No</ISPOSTDATED>
						<ISINVOICE>No</ISINVOICE>
						<DIFFACTUALQTY>No</DIFFACTUALQTY>
						<VOUCHERNUMBER>88-28169</VOUCHERNUMBER>
						<REFERENCE>88-28169</REFERENCE>
						<NARRATION>9836nl (Dankuni to Siliguri)+kkt wtsp9813892672</NARRATION>
						<GUID>5d36f2748b235c4f2af032cd</GUID>
						<ALTERID>88-28169</ALTERID>
						<ALLLEDGERENTRIES.LIST>
							<REMOVEZEROENTRIES>No</REMOVEZEROENTRIES>
							<ISDEEMEDPOSITIVE>Yes</ISDEEMEDPOSITIVE>
							<LEDGERFROMITEM>No</LEDGERFROMITEM>
							<LEDGERNAME>9836NL01N</LEDGERNAME>
							<AMOUNT>-1500</AMOUNT>
							<BILLALLOCATIONS.LIST>
								<NAME>88-28169</NAME>
								<BILLTYPE>New Ref</BILLTYPE>
								<BILLCREDITPERIOD/>
								<AMOUNT>-1500</AMOUNT>
							</BILLALLOCATIONS.LIST>
						</ALLLEDGERENTRIES.LIST>
						<ALLLEDGERENTRIES.LIST>
							<REMOVEZEROENTRIES>No</REMOVEZEROENTRIES>
							<ISDEEMEDPOSITIVE>No</ISDEEMEDPOSITIVE>
							<LEDGERFROMITEM>No</LEDGERFROMITEM>
							<LEDGERNAME>HDFC CARD V2</LEDGERNAME>
							<AMOUNT>1500.00</AMOUNT>
							<BILLALLOCATIONS.LIST/>
						</ALLLEDGERENTRIES.LIST>
					</VOUCHER>
					<VOUCHER REMOTEID="5d36f39f8b235c4f2af036c3" VCHTYPE="Payment" ACTION="Create">
						<ISOPTIONAL>No</ISOPTIONAL>
						<USEFORGAINLOSS>No</USEFORGAINLOSS>
						<USEFORCOMPOUND>No</USEFORCOMPOUND>
						<VOUCHERTYPENAME>Payment</VOUCHERTYPENAME>
						<DATE>20190715</DATE>
						<EFFECTIVEDATE>20190715</EFFECTIVEDATE>
						<ISCANCELLED>No</ISCANCELLED>
						<USETRACKINGNUMBER>No</USETRACKINGNUMBER>
						<ISPOSTDATED>No</ISPOSTDATED>
						<ISINVOICE>No</ISINVOICE>
						<DIFFACTUALQTY>No</DIFFACTUALQTY>
						<VOUCHERNUMBER>88-28170</VOUCHERNUMBER>
						<REFERENCE>88-28170</REFERENCE>
						<NARRATION>3723t MORVI TO J.NAGAR+LABER+ajy wtsp9896496311</NARRATION>
						<GUID>5d36f39f8b235c4f2af036c3</GUID>
						<ALTERID>88-28170</ALTERID>
						<ALLLEDGERENTRIES.LIST>
							<REMOVEZEROENTRIES>No</REMOVEZEROENTRIES>
							<ISDEEMEDPOSITIVE>Yes</ISDEEMEDPOSITIVE>
							<LEDGERFROMITEM>No</LEDGERFROMITEM>
							<LEDGERNAME>3723HR55T</LEDGERNAME>
							<AMOUNT>-1500</AMOUNT>
							<BILLALLOCATIONS.LIST>
								<NAME>88-28170</NAME>
								<BILLTYPE>New Ref</BILLTYPE>
								<BILLCREDITPERIOD/>
								<AMOUNT>-1500</AMOUNT>
							</BILLALLOCATIONS.LIST>
						</ALLLEDGERENTRIES.LIST>
						<ALLLEDGERENTRIES.LIST>
							<REMOVEZEROENTRIES>No</REMOVEZEROENTRIES>
							<ISDEEMEDPOSITIVE>No</ISDEEMEDPOSITIVE>
							<LEDGERFROMITEM>No</LEDGERFROMITEM>
							<LEDGERNAME>HDFC CARD V2</LEDGERNAME>
							<AMOUNT>1500.00</AMOUNT>
							<BILLALLOCATIONS.LIST/>
						</ALLLEDGERENTRIES.LIST>
					</VOUCHER>
					<VOUCHER REMOTEID="5d36f26c8b235c4f2af0320b" VCHTYPE="Payment" ACTION="Create">
						<ISOPTIONAL>No</ISOPTIONAL>
						<USEFORGAINLOSS>No</USEFORGAINLOSS>
						<USEFORCOMPOUND>No</USEFORCOMPOUND>
						<VOUCHERTYPENAME>Payment</VOUCHERTYPENAME>
						<DATE>20190715</DATE>
						<EFFECTIVEDATE>20190715</EFFECTIVEDATE>
						<ISCANCELLED>No</ISCANCELLED>
						<USETRACKINGNUMBER>No</USETRACKINGNUMBER>
						<ISPOSTDATED>No</ISPOSTDATED>
						<ISINVOICE>No</ISINVOICE>
						<DIFFACTUALQTY>No</DIFFACTUALQTY>
						<VOUCHERNUMBER>88-28171</VOUCHERNUMBER>
						<REFERENCE>88-28171</REFERENCE>
						<NARRATION>5011nl 50LTR HSD AMIT+ajy wtsp9813373615</NARRATION>
						<GUID>5d36f26c8b235c4f2af0320b</GUID>
						<ALTERID>88-28171</ALTERID>
						<ALLLEDGERENTRIES.LIST>
							<REMOVEZEROENTRIES>No</REMOVEZEROENTRIES>
							<ISDEEMEDPOSITIVE>Yes</ISDEEMEDPOSITIVE>
							<LEDGERFROMITEM>No</LEDGERFROMITEM>
							<LEDGERNAME>5011NL01Q</LEDGERNAME>
							<AMOUNT>-1500</AMOUNT>
							<BILLALLOCATIONS.LIST>
								<NAME>88-28171</NAME>
								<BILLTYPE>New Ref</BILLTYPE>
								<BILLCREDITPERIOD/>
								<AMOUNT>-1500</AMOUNT>
							</BILLALLOCATIONS.LIST>
						</ALLLEDGERENTRIES.LIST>
						<ALLLEDGERENTRIES.LIST>
							<REMOVEZEROENTRIES>No</REMOVEZEROENTRIES>
							<ISDEEMEDPOSITIVE>No</ISDEEMEDPOSITIVE>
							<LEDGERFROMITEM>No</LEDGERFROMITEM>
							<LEDGERNAME>HDFC CARD V2</LEDGERNAME>
							<AMOUNT>1500.00</AMOUNT>
							<BILLALLOCATIONS.LIST/>
						</ALLLEDGERENTRIES.LIST>
					</VOUCHER>
					<VOUCHER REMOTEID="5d36f26c8b235c4f2af0320d" VCHTYPE="Payment" ACTION="Create">
						<ISOPTIONAL>No</ISOPTIONAL>
						<USEFORGAINLOSS>No</USEFORGAINLOSS>
						<USEFORCOMPOUND>No</USEFORCOMPOUND>
						<VOUCHERTYPENAME>Payment</VOUCHERTYPENAME>
						<DATE>20190715</DATE>
						<EFFECTIVEDATE>20190715</EFFECTIVEDATE>
						<ISCANCELLED>No</ISCANCELLED>
						<USETRACKINGNUMBER>No</USETRACKINGNUMBER>
						<ISPOSTDATED>No</ISPOSTDATED>
						<ISINVOICE>No</ISINVOICE>
						<DIFFACTUALQTY>No</DIFFACTUALQTY>
						<VOUCHERNUMBER>88-28172</VOUCHERNUMBER>
						<REFERENCE>88-28172</REFERENCE>
						<NARRATION>9866nl ndr 1005-43004 code-9141278629805351</NARRATION>
						<GUID>5d36f26c8b235c4f2af0320d</GUID>
						<ALTERID>88-28172</ALTERID>
						<ALLLEDGERENTRIES.LIST>
							<REMOVEZEROENTRIES>No</REMOVEZEROENTRIES>
							<ISDEEMEDPOSITIVE>Yes</ISDEEMEDPOSITIVE>
							<LEDGERFROMITEM>No</LEDGERFROMITEM>
							<LEDGERNAME>9866NL01N</LEDGERNAME>
							<AMOUNT>-1000</AMOUNT>
							<BILLALLOCATIONS.LIST>
								<NAME>88-28172</NAME>
								<BILLTYPE>New Ref</BILLTYPE>
								<BILLCREDITPERIOD/>
								<AMOUNT>-1000</AMOUNT>
							</BILLALLOCATIONS.LIST>
						</ALLLEDGERENTRIES.LIST>
						<ALLLEDGERENTRIES.LIST>
							<REMOVEZEROENTRIES>No</REMOVEZEROENTRIES>
							<ISDEEMEDPOSITIVE>No</ISDEEMEDPOSITIVE>
							<LEDGERFROMITEM>No</LEDGERFROMITEM>
							<LEDGERNAME>HDFC CARD V2</LEDGERNAME>
							<AMOUNT>1000.00</AMOUNT>
							<BILLALLOCATIONS.LIST/>
						</ALLLEDGERENTRIES.LIST>
					</VOUCHER>
					<VOUCHER REMOTEID="5d36f3a28b235c4f2af03711" VCHTYPE="Payment" ACTION="Create">
						<ISOPTIONAL>No</ISOPTIONAL>
						<USEFORGAINLOSS>No</USEFORGAINLOSS>
						<USEFORCOMPOUND>No</USEFORCOMPOUND>
						<VOUCHERTYPENAME>Payment</VOUCHERTYPENAME>
						<DATE>20190715</DATE>
						<EFFECTIVEDATE>20190715</EFFECTIVEDATE>
						<ISCANCELLED>No</ISCANCELLED>
						<USETRACKINGNUMBER>No</USETRACKINGNUMBER>
						<ISPOSTDATED>No</ISPOSTDATED>
						<ISINVOICE>No</ISINVOICE>
						<DIFFACTUALQTY>No</DIFFACTUALQTY>
						<VOUCHERNUMBER>88-28173</VOUCHERNUMBER>
						<REFERENCE>88-28173</REFERENCE>
						<NARRATION>6757nl u/l ggn +for hsd+asif wtsp8280983174</NARRATION>
						<GUID>5d36f3a28b235c4f2af03711</GUID>
						<ALTERID>88-28173</ALTERID>
						<ALLLEDGERENTRIES.LIST>
							<REMOVEZEROENTRIES>No</REMOVEZEROENTRIES>
							<ISDEEMEDPOSITIVE>Yes</ISDEEMEDPOSITIVE>
							<LEDGERFROMITEM>No</LEDGERFROMITEM>
							<LEDGERNAME>6757NL01Q</LEDGERNAME>
							<AMOUNT>-1000</AMOUNT>
							<BILLALLOCATIONS.LIST>
								<NAME>88-28173</NAME>
								<BILLTYPE>New Ref</BILLTYPE>
								<BILLCREDITPERIOD/>
								<AMOUNT>-1000</AMOUNT>
							</BILLALLOCATIONS.LIST>
						</ALLLEDGERENTRIES.LIST>
						<ALLLEDGERENTRIES.LIST>
							<REMOVEZEROENTRIES>No</REMOVEZEROENTRIES>
							<ISDEEMEDPOSITIVE>No</ISDEEMEDPOSITIVE>
							<LEDGERFROMITEM>No</LEDGERFROMITEM>
							<LEDGERNAME>HDFC CARD V2</LEDGERNAME>
							<AMOUNT>1000.00</AMOUNT>
							<BILLALLOCATIONS.LIST/>
						</ALLLEDGERENTRIES.LIST>
					</VOUCHER>
					<VOUCHER REMOTEID="5d36f2718b235c4f2af03276" VCHTYPE="Payment" ACTION="Create">
						<ISOPTIONAL>No</ISOPTIONAL>
						<USEFORGAINLOSS>No</USEFORGAINLOSS>
						<USEFORCOMPOUND>No</USEFORCOMPOUND>
						<VOUCHERTYPENAME>Payment</VOUCHERTYPENAME>
						<DATE>20190715</DATE>
						<EFFECTIVEDATE>20190715</EFFECTIVEDATE>
						<ISCANCELLED>No</ISCANCELLED>
						<USETRACKINGNUMBER>No</USETRACKINGNUMBER>
						<ISPOSTDATED>No</ISPOSTDATED>
						<ISINVOICE>No</ISINVOICE>
						<DIFFACTUALQTY>No</DIFFACTUALQTY>
						<VOUCHERNUMBER>88-28174</VOUCHERNUMBER>
						<REFERENCE>88-28174</REFERENCE>
						<NARRATION>5979ab ndr 1005-43019 code-578869950150176</NARRATION>
						<GUID>5d36f2718b235c4f2af03276</GUID>
						<ALTERID>88-28174</ALTERID>
						<ALLLEDGERENTRIES.LIST>
							<REMOVEZEROENTRIES>No</REMOVEZEROENTRIES>
							<ISDEEMEDPOSITIVE>Yes</ISDEEMEDPOSITIVE>
							<LEDGERFROMITEM>No</LEDGERFROMITEM>
							<LEDGERNAME>5979NL01AB</LEDGERNAME>
							<AMOUNT>-1000</AMOUNT>
							<BILLALLOCATIONS.LIST>
								<NAME>88-28174</NAME>
								<BILLTYPE>New Ref</BILLTYPE>
								<BILLCREDITPERIOD/>
								<AMOUNT>-1000</AMOUNT>
							</BILLALLOCATIONS.LIST>
						</ALLLEDGERENTRIES.LIST>
						<ALLLEDGERENTRIES.LIST>
							<REMOVEZEROENTRIES>No</REMOVEZEROENTRIES>
							<ISDEEMEDPOSITIVE>No</ISDEEMEDPOSITIVE>
							<LEDGERFROMITEM>No</LEDGERFROMITEM>
							<LEDGERNAME>HDFC CARD V2</LEDGERNAME>
							<AMOUNT>1000.00</AMOUNT>
							<BILLALLOCATIONS.LIST/>
						</ALLLEDGERENTRIES.LIST>
					</VOUCHER>
					<VOUCHER REMOTEID="5d36f2698b235c4f2af031cc" VCHTYPE="Payment" ACTION="Create">
						<ISOPTIONAL>No</ISOPTIONAL>
						<USEFORGAINLOSS>No</USEFORGAINLOSS>
						<USEFORCOMPOUND>No</USEFORCOMPOUND>
						<VOUCHERTYPENAME>Payment</VOUCHERTYPENAME>
						<DATE>20190715</DATE>
						<EFFECTIVEDATE>20190715</EFFECTIVEDATE>
						<ISCANCELLED>No</ISCANCELLED>
						<USETRACKINGNUMBER>No</USETRACKINGNUMBER>
						<ISPOSTDATED>No</ISPOSTDATED>
						<ISINVOICE>No</ISINVOICE>
						<DIFFACTUALQTY>No</DIFFACTUALQTY>
						<VOUCHERNUMBER>88-28175</VOUCHERNUMBER>
						<REFERENCE>88-28175</REFERENCE>
						<NARRATION>1020aa lbr exp+asif wtsp9728978495</NARRATION>
						<GUID>5d36f2698b235c4f2af031cc</GUID>
						<ALTERID>88-28175</ALTERID>
						<ALLLEDGERENTRIES.LIST>
							<REMOVEZEROENTRIES>No</REMOVEZEROENTRIES>
							<ISDEEMEDPOSITIVE>Yes</ISDEEMEDPOSITIVE>
							<LEDGERFROMITEM>No</LEDGERFROMITEM>
							<LEDGERNAME>1020NL01AA</LEDGERNAME>
							<AMOUNT>-1000</AMOUNT>
							<BILLALLOCATIONS.LIST>
								<NAME>88-28175</NAME>
								<BILLTYPE>New Ref</BILLTYPE>
								<BILLCREDITPERIOD/>
								<AMOUNT>-1000</AMOUNT>
							</BILLALLOCATIONS.LIST>
						</ALLLEDGERENTRIES.LIST>
						<ALLLEDGERENTRIES.LIST>
							<REMOVEZEROENTRIES>No</REMOVEZEROENTRIES>
							<ISDEEMEDPOSITIVE>No</ISDEEMEDPOSITIVE>
							<LEDGERFROMITEM>No</LEDGERFROMITEM>
							<LEDGERNAME>HDFC CARD V2</LEDGERNAME>
							<AMOUNT>1000.00</AMOUNT>
							<BILLALLOCATIONS.LIST/>
						</ALLLEDGERENTRIES.LIST>
					</VOUCHER>
					<VOUCHER REMOTEID="5d36f2778b235c4f2af032f6" VCHTYPE="Payment" ACTION="Create">
						<ISOPTIONAL>No</ISOPTIONAL>
						<USEFORGAINLOSS>No</USEFORGAINLOSS>
						<USEFORCOMPOUND>No</USEFORCOMPOUND>
						<VOUCHERTYPENAME>Payment</VOUCHERTYPENAME>
						<DATE>20190715</DATE>
						<EFFECTIVEDATE>20190715</EFFECTIVEDATE>
						<ISCANCELLED>No</ISCANCELLED>
						<USETRACKINGNUMBER>No</USETRACKINGNUMBER>
						<ISPOSTDATED>No</ISPOSTDATED>
						<ISINVOICE>No</ISINVOICE>
						<DIFFACTUALQTY>No</DIFFACTUALQTY>
						<VOUCHERNUMBER>88-28176</VOUCHERNUMBER>
						<REFERENCE>88-28176</REFERENCE>
						<NARRATION>
							1460hr+1500+7156hr +1500 TOLL TAX ajy wtsp9828943588
						</NARRATION>
						<GUID>5d36f2778b235c4f2af032f6</GUID>
						<ALTERID>88-28176</ALTERID>
						<ALLLEDGERENTRIES.LIST>
							<REMOVEZEROENTRIES>No</REMOVEZEROENTRIES>
							<ISDEEMEDPOSITIVE>Yes</ISDEEMEDPOSITIVE>
							<LEDGERFROMITEM>No</LEDGERFROMITEM>
							<LEDGERNAME>1460HR55U</LEDGERNAME>
							<AMOUNT>-1000</AMOUNT>
							<BILLALLOCATIONS.LIST>
								<NAME>88-28176</NAME>
								<BILLTYPE>New Ref</BILLTYPE>
								<BILLCREDITPERIOD/>
								<AMOUNT>-1000</AMOUNT>
							</BILLALLOCATIONS.LIST>
						</ALLLEDGERENTRIES.LIST>
						<ALLLEDGERENTRIES.LIST>
							<REMOVEZEROENTRIES>No</REMOVEZEROENTRIES>
							<ISDEEMEDPOSITIVE>No</ISDEEMEDPOSITIVE>
							<LEDGERFROMITEM>No</LEDGERFROMITEM>
							<LEDGERNAME>HDFC CARD V2</LEDGERNAME>
							<AMOUNT>1000.00</AMOUNT>
							<BILLALLOCATIONS.LIST/>
						</ALLLEDGERENTRIES.LIST>
					</VOUCHER>
					<VOUCHER REMOTEID="5d36f26f8b235c4f2af0323e" VCHTYPE="Payment" ACTION="Create">
						<ISOPTIONAL>No</ISOPTIONAL>
						<USEFORGAINLOSS>No</USEFORGAINLOSS>
						<USEFORCOMPOUND>No</USEFORCOMPOUND>
						<VOUCHERTYPENAME>Payment</VOUCHERTYPENAME>
						<DATE>20190715</DATE>
						<EFFECTIVEDATE>20190715</EFFECTIVEDATE>
						<ISCANCELLED>No</ISCANCELLED>
						<USETRACKINGNUMBER>No</USETRACKINGNUMBER>
						<ISPOSTDATED>No</ISPOSTDATED>
						<ISINVOICE>No</ISINVOICE>
						<DIFFACTUALQTY>No</DIFFACTUALQTY>
						<VOUCHERNUMBER>88-28177</VOUCHERNUMBER>
						<REFERENCE>88-28177</REFERENCE>
						<NARRATION>4512ab TOLL-TAX +CHALLAN+ajy wtsp8930207646</NARRATION>
						<GUID>5d36f26f8b235c4f2af0323e</GUID>
						<ALTERID>88-28177</ALTERID>
						<ALLLEDGERENTRIES.LIST>
							<REMOVEZEROENTRIES>No</REMOVEZEROENTRIES>
							<ISDEEMEDPOSITIVE>Yes</ISDEEMEDPOSITIVE>
							<LEDGERFROMITEM>No</LEDGERFROMITEM>
							<LEDGERNAME>4512NL01AB</LEDGERNAME>
							<AMOUNT>-1000</AMOUNT>
							<BILLALLOCATIONS.LIST>
								<NAME>88-28177</NAME>
								<BILLTYPE>New Ref</BILLTYPE>
								<BILLCREDITPERIOD/>
								<AMOUNT>-1000</AMOUNT>
							</BILLALLOCATIONS.LIST>
						</ALLLEDGERENTRIES.LIST>
						<ALLLEDGERENTRIES.LIST>
							<REMOVEZEROENTRIES>No</REMOVEZEROENTRIES>
							<ISDEEMEDPOSITIVE>No</ISDEEMEDPOSITIVE>
							<LEDGERFROMITEM>No</LEDGERFROMITEM>
							<LEDGERNAME>HDFC CARD V2</LEDGERNAME>
							<AMOUNT>1000.00</AMOUNT>
							<BILLALLOCATIONS.LIST/>
						</ALLLEDGERENTRIES.LIST>
					</VOUCHER>
					<VOUCHER REMOTEID="5d36f2768b235c4f2af032ed" VCHTYPE="Payment" ACTION="Create">
						<ISOPTIONAL>No</ISOPTIONAL>
						<USEFORGAINLOSS>No</USEFORGAINLOSS>
						<USEFORCOMPOUND>No</USEFORCOMPOUND>
						<VOUCHERTYPENAME>Payment</VOUCHERTYPENAME>
						<DATE>20190715</DATE>
						<EFFECTIVEDATE>20190715</EFFECTIVEDATE>
						<ISCANCELLED>No</ISCANCELLED>
						<USETRACKINGNUMBER>No</USETRACKINGNUMBER>
						<ISPOSTDATED>No</ISPOSTDATED>
						<ISINVOICE>No</ISINVOICE>
						<DIFFACTUALQTY>No</DIFFACTUALQTY>
						<VOUCHERNUMBER>88-28178</VOUCHERNUMBER>
						<REFERENCE>88-28178</REFERENCE>
						<NARRATION>8165hr NDORE LABER+DALA+ajy wtsp9468031249</NARRATION>
						<GUID>5d36f2768b235c4f2af032ed</GUID>
						<ALTERID>88-28178</ALTERID>
						<ALLLEDGERENTRIES.LIST>
							<REMOVEZEROENTRIES>No</REMOVEZEROENTRIES>
							<ISDEEMEDPOSITIVE>Yes</ISDEEMEDPOSITIVE>
							<LEDGERFROMITEM>No</LEDGERFROMITEM>
							<LEDGERNAME>8165HR55V</LEDGERNAME>
							<AMOUNT>-1000</AMOUNT>
							<BILLALLOCATIONS.LIST>
								<NAME>88-28178</NAME>
								<BILLTYPE>New Ref</BILLTYPE>
								<BILLCREDITPERIOD/>
								<AMOUNT>-1000</AMOUNT>
							</BILLALLOCATIONS.LIST>
						</ALLLEDGERENTRIES.LIST>
						<ALLLEDGERENTRIES.LIST>
							<REMOVEZEROENTRIES>No</REMOVEZEROENTRIES>
							<ISDEEMEDPOSITIVE>No</ISDEEMEDPOSITIVE>
							<LEDGERFROMITEM>No</LEDGERFROMITEM>
							<LEDGERNAME>HDFC CARD V2</LEDGERNAME>
							<AMOUNT>1000.00</AMOUNT>
							<BILLALLOCATIONS.LIST/>
						</ALLLEDGERENTRIES.LIST>
					</VOUCHER>
					<VOUCHER REMOTEID="5d36f2728b235c4f2af03292" VCHTYPE="Payment" ACTION="Create">
						<ISOPTIONAL>No</ISOPTIONAL>
						<USEFORGAINLOSS>No</USEFORGAINLOSS>
						<USEFORCOMPOUND>No</USEFORCOMPOUND>
						<VOUCHERTYPENAME>Payment</VOUCHERTYPENAME>
						<DATE>20190715</DATE>
						<EFFECTIVEDATE>20190715</EFFECTIVEDATE>
						<ISCANCELLED>No</ISCANCELLED>
						<USETRACKINGNUMBER>No</USETRACKINGNUMBER>
						<ISPOSTDATED>No</ISPOSTDATED>
						<ISINVOICE>No</ISINVOICE>
						<DIFFACTUALQTY>No</DIFFACTUALQTY>
						<VOUCHERNUMBER>88-28179</VOUCHERNUMBER>
						<REFERENCE>88-28179</REFERENCE>
						<NARRATION>5012nl ahmd 1005-42953 code-8119129451655487</NARRATION>
						<GUID>5d36f2728b235c4f2af03292</GUID>
						<ALTERID>88-28179</ALTERID>
						<ALLLEDGERENTRIES.LIST>
							<REMOVEZEROENTRIES>No</REMOVEZEROENTRIES>
							<ISDEEMEDPOSITIVE>Yes</ISDEEMEDPOSITIVE>
							<LEDGERFROMITEM>No</LEDGERFROMITEM>
							<LEDGERNAME>5012NL01Q</LEDGERNAME>
							<AMOUNT>-1000</AMOUNT>
							<BILLALLOCATIONS.LIST>
								<NAME>88-28179</NAME>
								<BILLTYPE>New Ref</BILLTYPE>
								<BILLCREDITPERIOD/>
								<AMOUNT>-1000</AMOUNT>
							</BILLALLOCATIONS.LIST>
						</ALLLEDGERENTRIES.LIST>
						<ALLLEDGERENTRIES.LIST>
							<REMOVEZEROENTRIES>No</REMOVEZEROENTRIES>
							<ISDEEMEDPOSITIVE>No</ISDEEMEDPOSITIVE>
							<LEDGERFROMITEM>No</LEDGERFROMITEM>
							<LEDGERNAME>HDFC CARD V2</LEDGERNAME>
							<AMOUNT>1000.00</AMOUNT>
							<BILLALLOCATIONS.LIST/>
						</ALLLEDGERENTRIES.LIST>
					</VOUCHER>
					<VOUCHER REMOTEID="5d36f2698b235c4f2af03157" VCHTYPE="Payment" ACTION="Create">
						<ISOPTIONAL>No</ISOPTIONAL>
						<USEFORGAINLOSS>No</USEFORGAINLOSS>
						<USEFORCOMPOUND>No</USEFORCOMPOUND>
						<VOUCHERTYPENAME>Payment</VOUCHERTYPENAME>
						<DATE>20190715</DATE>
						<EFFECTIVEDATE>20190715</EFFECTIVEDATE>
						<ISCANCELLED>No</ISCANCELLED>
						<USETRACKINGNUMBER>No</USETRACKINGNUMBER>
						<ISPOSTDATED>No</ISPOSTDATED>
						<ISINVOICE>No</ISINVOICE>
						<DIFFACTUALQTY>No</DIFFACTUALQTY>
						<VOUCHERNUMBER>88-28180</VOUCHERNUMBER>
						<REFERENCE>88-28180</REFERENCE>
						<NARRATION>9759ac PTG To surat bbyw tsp9992753465</NARRATION>
						<GUID>5d36f2698b235c4f2af03157</GUID>
						<ALTERID>88-28180</ALTERID>
						<ALLLEDGERENTRIES.LIST>
							<REMOVEZEROENTRIES>No</REMOVEZEROENTRIES>
							<ISDEEMEDPOSITIVE>Yes</ISDEEMEDPOSITIVE>
							<LEDGERFROMITEM>No</LEDGERFROMITEM>
							<LEDGERNAME>9759NL01AC</LEDGERNAME>
							<AMOUNT>-1000</AMOUNT>
							<BILLALLOCATIONS.LIST>
								<NAME>88-28180</NAME>
								<BILLTYPE>New Ref</BILLTYPE>
								<BILLCREDITPERIOD/>
								<AMOUNT>-1000</AMOUNT>
							</BILLALLOCATIONS.LIST>
						</ALLLEDGERENTRIES.LIST>
						<ALLLEDGERENTRIES.LIST>
							<REMOVEZEROENTRIES>No</REMOVEZEROENTRIES>
							<ISDEEMEDPOSITIVE>No</ISDEEMEDPOSITIVE>
							<LEDGERFROMITEM>No</LEDGERFROMITEM>
							<LEDGERNAME>HDFC CARD V2</LEDGERNAME>
							<AMOUNT>1000.00</AMOUNT>
							<BILLALLOCATIONS.LIST/>
						</ALLLEDGERENTRIES.LIST>
					</VOUCHER>
					<VOUCHER REMOTEID="5d36f26c8b235c4f2af03207" VCHTYPE="Payment" ACTION="Create">
						<ISOPTIONAL>No</ISOPTIONAL>
						<USEFORGAINLOSS>No</USEFORGAINLOSS>
						<USEFORCOMPOUND>No</USEFORCOMPOUND>
						<VOUCHERTYPENAME>Payment</VOUCHERTYPENAME>
						<DATE>20190715</DATE>
						<EFFECTIVEDATE>20190715</EFFECTIVEDATE>
						<ISCANCELLED>No</ISCANCELLED>
						<USETRACKINGNUMBER>No</USETRACKINGNUMBER>
						<ISPOSTDATED>No</ISPOSTDATED>
						<ISINVOICE>No</ISINVOICE>
						<DIFFACTUALQTY>No</DIFFACTUALQTY>
						<VOUCHERNUMBER>88-28181</VOUCHERNUMBER>
						<REFERENCE>88-28181</REFERENCE>
						<NARRATION>8611hr rjkot 1005-42986 code-369548295315203</NARRATION>
						<GUID>5d36f26c8b235c4f2af03207</GUID>
						<ALTERID>88-28181</ALTERID>
						<ALLLEDGERENTRIES.LIST>
							<REMOVEZEROENTRIES>No</REMOVEZEROENTRIES>
							<ISDEEMEDPOSITIVE>Yes</ISDEEMEDPOSITIVE>
							<LEDGERFROMITEM>No</LEDGERFROMITEM>
							<LEDGERNAME>8611HR55N</LEDGERNAME>
							<AMOUNT>-1000</AMOUNT>
							<BILLALLOCATIONS.LIST>
								<NAME>88-28181</NAME>
								<BILLTYPE>New Ref</BILLTYPE>
								<BILLCREDITPERIOD/>
								<AMOUNT>-1000</AMOUNT>
							</BILLALLOCATIONS.LIST>
						</ALLLEDGERENTRIES.LIST>
						<ALLLEDGERENTRIES.LIST>
							<REMOVEZEROENTRIES>No</REMOVEZEROENTRIES>
							<ISDEEMEDPOSITIVE>No</ISDEEMEDPOSITIVE>
							<LEDGERFROMITEM>No</LEDGERFROMITEM>
							<LEDGERNAME>HDFC CARD V2</LEDGERNAME>
							<AMOUNT>1000.00</AMOUNT>
							<BILLALLOCATIONS.LIST/>
						</ALLLEDGERENTRIES.LIST>
					</VOUCHER>
					<VOUCHER REMOTEID="5d36f2698b235c4f2af031c1" VCHTYPE="Payment" ACTION="Create">
						<ISOPTIONAL>No</ISOPTIONAL>
						<USEFORGAINLOSS>No</USEFORGAINLOSS>
						<USEFORCOMPOUND>No</USEFORCOMPOUND>
						<VOUCHERTYPENAME>Payment</VOUCHERTYPENAME>
						<DATE>20190715</DATE>
						<EFFECTIVEDATE>20190715</EFFECTIVEDATE>
						<ISCANCELLED>No</ISCANCELLED>
						<USETRACKINGNUMBER>No</USETRACKINGNUMBER>
						<ISPOSTDATED>No</ISPOSTDATED>
						<ISINVOICE>No</ISINVOICE>
						<DIFFACTUALQTY>No</DIFFACTUALQTY>
						<VOUCHERNUMBER>88-28182</VOUCHERNUMBER>
						<REFERENCE>88-28182</REFERENCE>
						<NARRATION>2135ac pune9812959566</NARRATION>
						<GUID>5d36f2698b235c4f2af031c1</GUID>
						<ALTERID>88-28182</ALTERID>
						<ALLLEDGERENTRIES.LIST>
							<REMOVEZEROENTRIES>No</REMOVEZEROENTRIES>
							<ISDEEMEDPOSITIVE>Yes</ISDEEMEDPOSITIVE>
							<LEDGERFROMITEM>No</LEDGERFROMITEM>
							<LEDGERNAME>2135NL01AC</LEDGERNAME>
							<AMOUNT>-1000</AMOUNT>
							<BILLALLOCATIONS.LIST>
								<NAME>88-28182</NAME>
								<BILLTYPE>New Ref</BILLTYPE>
								<BILLCREDITPERIOD/>
								<AMOUNT>-1000</AMOUNT>
							</BILLALLOCATIONS.LIST>
						</ALLLEDGERENTRIES.LIST>
						<ALLLEDGERENTRIES.LIST>
							<REMOVEZEROENTRIES>No</REMOVEZEROENTRIES>
							<ISDEEMEDPOSITIVE>No</ISDEEMEDPOSITIVE>
							<LEDGERFROMITEM>No</LEDGERFROMITEM>
							<LEDGERNAME>HDFC CARD V2</LEDGERNAME>
							<AMOUNT>1000.00</AMOUNT>
							<BILLALLOCATIONS.LIST/>
						</ALLLEDGERENTRIES.LIST>
					</VOUCHER>
					<VOUCHER REMOTEID="5d36f39f8b235c4f2af036cf" VCHTYPE="Payment" ACTION="Create">
						<ISOPTIONAL>No</ISOPTIONAL>
						<USEFORGAINLOSS>No</USEFORGAINLOSS>
						<USEFORCOMPOUND>No</USEFORCOMPOUND>
						<VOUCHERTYPENAME>Payment</VOUCHERTYPENAME>
						<DATE>20190715</DATE>
						<EFFECTIVEDATE>20190715</EFFECTIVEDATE>
						<ISCANCELLED>No</ISCANCELLED>
						<USETRACKINGNUMBER>No</USETRACKINGNUMBER>
						<ISPOSTDATED>No</ISPOSTDATED>
						<ISINVOICE>No</ISINVOICE>
						<DIFFACTUALQTY>No</DIFFACTUALQTY>
						<VOUCHERNUMBER>88-28183</VOUCHERNUMBER>
						<REFERENCE>88-28183</REFERENCE>
						<NARRATION>5139hr brd 1005-42987 code-40789533544807</NARRATION>
						<GUID>5d36f39f8b235c4f2af036cf</GUID>
						<ALTERID>88-28183</ALTERID>
						<ALLLEDGERENTRIES.LIST>
							<REMOVEZEROENTRIES>No</REMOVEZEROENTRIES>
							<ISDEEMEDPOSITIVE>Yes</ISDEEMEDPOSITIVE>
							<LEDGERFROMITEM>No</LEDGERFROMITEM>
							<LEDGERNAME>5139HR55Q</LEDGERNAME>
							<AMOUNT>-1000</AMOUNT>
							<BILLALLOCATIONS.LIST>
								<NAME>88-28183</NAME>
								<BILLTYPE>New Ref</BILLTYPE>
								<BILLCREDITPERIOD/>
								<AMOUNT>-1000</AMOUNT>
							</BILLALLOCATIONS.LIST>
						</ALLLEDGERENTRIES.LIST>
						<ALLLEDGERENTRIES.LIST>
							<REMOVEZEROENTRIES>No</REMOVEZEROENTRIES>
							<ISDEEMEDPOSITIVE>No</ISDEEMEDPOSITIVE>
							<LEDGERFROMITEM>No</LEDGERFROMITEM>
							<LEDGERNAME>HDFC CARD V2</LEDGERNAME>
							<AMOUNT>1000.00</AMOUNT>
							<BILLALLOCATIONS.LIST/>
						</ALLLEDGERENTRIES.LIST>
					</VOUCHER>
					<VOUCHER REMOTEID="5d36f2698b235c4f2af031af" VCHTYPE="Payment" ACTION="Create">
						<ISOPTIONAL>No</ISOPTIONAL>
						<USEFORGAINLOSS>No</USEFORGAINLOSS>
						<USEFORCOMPOUND>No</USEFORCOMPOUND>
						<VOUCHERTYPENAME>Payment</VOUCHERTYPENAME>
						<DATE>20190715</DATE>
						<EFFECTIVEDATE>20190715</EFFECTIVEDATE>
						<ISCANCELLED>No</ISCANCELLED>
						<USETRACKINGNUMBER>No</USETRACKINGNUMBER>
						<ISPOSTDATED>No</ISPOSTDATED>
						<ISINVOICE>No</ISINVOICE>
						<DIFFACTUALQTY>No</DIFFACTUALQTY>
						<VOUCHERNUMBER>88-28184</VOUCHERNUMBER>
						<REFERENCE>88-28184</REFERENCE>
						<NARRATION>5114ac DAHEJ TO MBY+bby wtsp9923174332</NARRATION>
						<GUID>5d36f2698b235c4f2af031af</GUID>
						<ALTERID>88-28184</ALTERID>
						<ALLLEDGERENTRIES.LIST>
							<REMOVEZEROENTRIES>No</REMOVEZEROENTRIES>
							<ISDEEMEDPOSITIVE>Yes</ISDEEMEDPOSITIVE>
							<LEDGERFROMITEM>No</LEDGERFROMITEM>
							<LEDGERNAME>5114NL01AC</LEDGERNAME>
							<AMOUNT>-1000</AMOUNT>
							<BILLALLOCATIONS.LIST>
								<NAME>88-28184</NAME>
								<BILLTYPE>New Ref</BILLTYPE>
								<BILLCREDITPERIOD/>
								<AMOUNT>-1000</AMOUNT>
							</BILLALLOCATIONS.LIST>
						</ALLLEDGERENTRIES.LIST>
						<ALLLEDGERENTRIES.LIST>
							<REMOVEZEROENTRIES>No</REMOVEZEROENTRIES>
							<ISDEEMEDPOSITIVE>No</ISDEEMEDPOSITIVE>
							<LEDGERFROMITEM>No</LEDGERFROMITEM>
							<LEDGERNAME>HDFC CARD V2</LEDGERNAME>
							<AMOUNT>1000.00</AMOUNT>
							<BILLALLOCATIONS.LIST/>
						</ALLLEDGERENTRIES.LIST>
					</VOUCHER>
					<VOUCHER REMOTEID="5d36f3a38b235c4f2af0371f" VCHTYPE="Payment" ACTION="Create">
						<ISOPTIONAL>No</ISOPTIONAL>
						<USEFORGAINLOSS>No</USEFORGAINLOSS>
						<USEFORCOMPOUND>No</USEFORCOMPOUND>
						<VOUCHERTYPENAME>Payment</VOUCHERTYPENAME>
						<DATE>20190715</DATE>
						<EFFECTIVEDATE>20190715</EFFECTIVEDATE>
						<ISCANCELLED>No</ISCANCELLED>
						<USETRACKINGNUMBER>No</USETRACKINGNUMBER>
						<ISPOSTDATED>No</ISPOSTDATED>
						<ISINVOICE>No</ISINVOICE>
						<DIFFACTUALQTY>No</DIFFACTUALQTY>
						<VOUCHERNUMBER>88-28185</VOUCHERNUMBER>
						<REFERENCE>88-28185</REFERENCE>
						<NARRATION>5996ab 50LTR HSD+ajy wtsp9050204255</NARRATION>
						<GUID>5d36f3a38b235c4f2af0371f</GUID>
						<ALTERID>88-28185</ALTERID>
						<ALLLEDGERENTRIES.LIST>
							<REMOVEZEROENTRIES>No</REMOVEZEROENTRIES>
							<ISDEEMEDPOSITIVE>Yes</ISDEEMEDPOSITIVE>
							<LEDGERFROMITEM>No</LEDGERFROMITEM>
							<LEDGERNAME>5996NL01AB</LEDGERNAME>
							<AMOUNT>-1000</AMOUNT>
							<BILLALLOCATIONS.LIST>
								<NAME>88-28185</NAME>
								<BILLTYPE>New Ref</BILLTYPE>
								<BILLCREDITPERIOD/>
								<AMOUNT>-1000</AMOUNT>
							</BILLALLOCATIONS.LIST>
						</ALLLEDGERENTRIES.LIST>
						<ALLLEDGERENTRIES.LIST>
							<REMOVEZEROENTRIES>No</REMOVEZEROENTRIES>
							<ISDEEMEDPOSITIVE>No</ISDEEMEDPOSITIVE>
							<LEDGERFROMITEM>No</LEDGERFROMITEM>
							<LEDGERNAME>HDFC CARD V2</LEDGERNAME>
							<AMOUNT>1000.00</AMOUNT>
							<BILLALLOCATIONS.LIST/>
						</ALLLEDGERENTRIES.LIST>
					</VOUCHER>
					<VOUCHER REMOTEID="5d36f2698b235c4f2af031b1" VCHTYPE="Payment" ACTION="Create">
						<ISOPTIONAL>No</ISOPTIONAL>
						<USEFORGAINLOSS>No</USEFORGAINLOSS>
						<USEFORCOMPOUND>No</USEFORCOMPOUND>
						<VOUCHERTYPENAME>Payment</VOUCHERTYPENAME>
						<DATE>20190715</DATE>
						<EFFECTIVEDATE>20190715</EFFECTIVEDATE>
						<ISCANCELLED>No</ISCANCELLED>
						<USETRACKINGNUMBER>No</USETRACKINGNUMBER>
						<ISPOSTDATED>No</ISPOSTDATED>
						<ISINVOICE>No</ISINVOICE>
						<DIFFACTUALQTY>No</DIFFACTUALQTY>
						<VOUCHERNUMBER>88-28186</VOUCHERNUMBER>
						<REFERENCE>88-28186</REFERENCE>
						<NARRATION>5117ac DAHEJ TO MBY+bby wtsp9767381245</NARRATION>
						<GUID>5d36f2698b235c4f2af031b1</GUID>
						<ALTERID>88-28186</ALTERID>
						<ALLLEDGERENTRIES.LIST>
							<REMOVEZEROENTRIES>No</REMOVEZEROENTRIES>
							<ISDEEMEDPOSITIVE>Yes</ISDEEMEDPOSITIVE>
							<LEDGERFROMITEM>No</LEDGERFROMITEM>
							<LEDGERNAME>5117NL01AC</LEDGERNAME>
							<AMOUNT>-1000</AMOUNT>
							<BILLALLOCATIONS.LIST>
								<NAME>88-28186</NAME>
								<BILLTYPE>New Ref</BILLTYPE>
								<BILLCREDITPERIOD/>
								<AMOUNT>-1000</AMOUNT>
							</BILLALLOCATIONS.LIST>
						</ALLLEDGERENTRIES.LIST>
						<ALLLEDGERENTRIES.LIST>
							<REMOVEZEROENTRIES>No</REMOVEZEROENTRIES>
							<ISDEEMEDPOSITIVE>No</ISDEEMEDPOSITIVE>
							<LEDGERFROMITEM>No</LEDGERFROMITEM>
							<LEDGERNAME>HDFC CARD V2</LEDGERNAME>
							<AMOUNT>1000.00</AMOUNT>
							<BILLALLOCATIONS.LIST/>
						</ALLLEDGERENTRIES.LIST>
					</VOUCHER>
					<VOUCHER REMOTEID="5d36f2698b235c4f2af031dc" VCHTYPE="Payment" ACTION="Create">
						<ISOPTIONAL>No</ISOPTIONAL>
						<USEFORGAINLOSS>No</USEFORGAINLOSS>
						<USEFORCOMPOUND>No</USEFORCOMPOUND>
						<VOUCHERTYPENAME>Payment</VOUCHERTYPENAME>
						<DATE>20190715</DATE>
						<EFFECTIVEDATE>20190715</EFFECTIVEDATE>
						<ISCANCELLED>No</ISCANCELLED>
						<USETRACKINGNUMBER>No</USETRACKINGNUMBER>
						<ISPOSTDATED>No</ISPOSTDATED>
						<ISINVOICE>No</ISINVOICE>
						<DIFFACTUALQTY>No</DIFFACTUALQTY>
						<VOUCHERNUMBER>88-28187</VOUCHERNUMBER>
						<REFERENCE>88-28187</REFERENCE>
						<NARRATION>5115ac DAHEJ TO MBY+bby wtsp8605301789</NARRATION>
						<GUID>5d36f2698b235c4f2af031dc</GUID>
						<ALTERID>88-28187</ALTERID>
						<ALLLEDGERENTRIES.LIST>
							<REMOVEZEROENTRIES>No</REMOVEZEROENTRIES>
							<ISDEEMEDPOSITIVE>Yes</ISDEEMEDPOSITIVE>
							<LEDGERFROMITEM>No</LEDGERFROMITEM>
							<LEDGERNAME>5115NL01AC</LEDGERNAME>
							<AMOUNT>-1000</AMOUNT>
							<BILLALLOCATIONS.LIST>
								<NAME>88-28187</NAME>
								<BILLTYPE>New Ref</BILLTYPE>
								<BILLCREDITPERIOD/>
								<AMOUNT>-1000</AMOUNT>
							</BILLALLOCATIONS.LIST>
						</ALLLEDGERENTRIES.LIST>
						<ALLLEDGERENTRIES.LIST>
							<REMOVEZEROENTRIES>No</REMOVEZEROENTRIES>
							<ISDEEMEDPOSITIVE>No</ISDEEMEDPOSITIVE>
							<LEDGERFROMITEM>No</LEDGERFROMITEM>
							<LEDGERNAME>HDFC CARD V2</LEDGERNAME>
							<AMOUNT>1000.00</AMOUNT>
							<BILLALLOCATIONS.LIST/>
						</ALLLEDGERENTRIES.LIST>
					</VOUCHER>
					<VOUCHER REMOTEID="5d36f39f8b235c4f2af036ca" VCHTYPE="Payment" ACTION="Create">
						<ISOPTIONAL>No</ISOPTIONAL>
						<USEFORGAINLOSS>No</USEFORGAINLOSS>
						<USEFORCOMPOUND>No</USEFORCOMPOUND>
						<VOUCHERTYPENAME>Payment</VOUCHERTYPENAME>
						<DATE>20190715</DATE>
						<EFFECTIVEDATE>20190715</EFFECTIVEDATE>
						<ISCANCELLED>No</ISCANCELLED>
						<USETRACKINGNUMBER>No</USETRACKINGNUMBER>
						<ISPOSTDATED>No</ISPOSTDATED>
						<ISINVOICE>No</ISINVOICE>
						<DIFFACTUALQTY>No</DIFFACTUALQTY>
						<VOUCHERNUMBER>88-28188</VOUCHERNUMBER>
						<REFERENCE>88-28188</REFERENCE>
						<NARRATION>7804nl Apollo Loading Exp+chn wtsp9991213416</NARRATION>
						<GUID>5d36f39f8b235c4f2af036ca</GUID>
						<ALTERID>88-28188</ALTERID>
						<ALLLEDGERENTRIES.LIST>
							<REMOVEZEROENTRIES>No</REMOVEZEROENTRIES>
							<ISDEEMEDPOSITIVE>Yes</ISDEEMEDPOSITIVE>
							<LEDGERFROMITEM>No</LEDGERFROMITEM>
							<LEDGERNAME>7804NL01N</LEDGERNAME>
							<AMOUNT>-1000</AMOUNT>
							<BILLALLOCATIONS.LIST>
								<NAME>88-28188</NAME>
								<BILLTYPE>New Ref</BILLTYPE>
								<BILLCREDITPERIOD/>
								<AMOUNT>-1000</AMOUNT>
							</BILLALLOCATIONS.LIST>
						</ALLLEDGERENTRIES.LIST>
						<ALLLEDGERENTRIES.LIST>
							<REMOVEZEROENTRIES>No</REMOVEZEROENTRIES>
							<ISDEEMEDPOSITIVE>No</ISDEEMEDPOSITIVE>
							<LEDGERFROMITEM>No</LEDGERFROMITEM>
							<LEDGERNAME>HDFC CARD V2</LEDGERNAME>
							<AMOUNT>1000.00</AMOUNT>
							<BILLALLOCATIONS.LIST/>
						</ALLLEDGERENTRIES.LIST>
					</VOUCHER>
					<VOUCHER REMOTEID="5d36f26c8b235c4f2af03205" VCHTYPE="Payment" ACTION="Create">
						<ISOPTIONAL>No</ISOPTIONAL>
						<USEFORGAINLOSS>No</USEFORGAINLOSS>
						<USEFORCOMPOUND>No</USEFORCOMPOUND>
						<VOUCHERTYPENAME>Payment</VOUCHERTYPENAME>
						<DATE>20190715</DATE>
						<EFFECTIVEDATE>20190715</EFFECTIVEDATE>
						<ISCANCELLED>No</ISCANCELLED>
						<USETRACKINGNUMBER>No</USETRACKINGNUMBER>
						<ISPOSTDATED>No</ISPOSTDATED>
						<ISINVOICE>No</ISINVOICE>
						<DIFFACTUALQTY>No</DIFFACTUALQTY>
						<VOUCHERNUMBER>88-28189</VOUCHERNUMBER>
						<REFERENCE>88-28189</REFERENCE>
						<NARRATION>4514ab ndr 1005-43017 code-8126979462165505</NARRATION>
						<GUID>5d36f26c8b235c4f2af03205</GUID>
						<ALTERID>88-28189</ALTERID>
						<ALLLEDGERENTRIES.LIST>
							<REMOVEZEROENTRIES>No</REMOVEZEROENTRIES>
							<ISDEEMEDPOSITIVE>Yes</ISDEEMEDPOSITIVE>
							<LEDGERFROMITEM>No</LEDGERFROMITEM>
							<LEDGERNAME>4514NL01AB</LEDGERNAME>
							<AMOUNT>-1000</AMOUNT>
							<BILLALLOCATIONS.LIST>
								<NAME>88-28189</NAME>
								<BILLTYPE>New Ref</BILLTYPE>
								<BILLCREDITPERIOD/>
								<AMOUNT>-1000</AMOUNT>
							</BILLALLOCATIONS.LIST>
						</ALLLEDGERENTRIES.LIST>
						<ALLLEDGERENTRIES.LIST>
							<REMOVEZEROENTRIES>No</REMOVEZEROENTRIES>
							<ISDEEMEDPOSITIVE>No</ISDEEMEDPOSITIVE>
							<LEDGERFROMITEM>No</LEDGERFROMITEM>
							<LEDGERNAME>HDFC CARD V2</LEDGERNAME>
							<AMOUNT>1000.00</AMOUNT>
							<BILLALLOCATIONS.LIST/>
						</ALLLEDGERENTRIES.LIST>
					</VOUCHER>
				</TALLYMESSAGE>
			</REQUESTDATA>
		</IMPORTDATA>
	</BODY>
</ENVELOPE>
